@book{abrahams.90,
  author = "Abrahams, P. W. and Berry, K. and Hargreaves, K. A.",
  title = "{TeX} for the Impatient",
  year = 1990,
  publisher = "Addison-Wesley",
  address = "Reading, MA",
  annote = {
  }}

@book{knuth.84,
  author = "Knuth, D. E.",
  year = 1984,
  title = "{The TeXbook}",
  address = "Reading, MA",
  publisher = "Addison-Wesley",
  annote = {
  }}

@book{lamport.94,
  author = "Lamport, L.",
  year = 1994,
  title = "{LaTeX}: A Document Preparation System",
  edition = "2nd",
  address = "Reading, MA",
  publisher = "Addison-Wesley",
  annote = {
  }}

@inproceedings{kolter.icml.05,
  author = "Kolter, J. Z. and Maloof, M. A.",
  title = "Using additive expert ensembles to cope with concept drift",
  booktitle = "{Proceedings of the Twenty-second International Conference
    on Machine Learning}",
  year = 2005,
  pages = "449--456",
  publisher = "ACM Press",
  address = "New York, NY",
  annote = {
  }}

@article{breiman.ml.96,
  author = "Breiman, L.",
  title = "Bagging predictors",
  journal = "Machine Learning",
  year = 1996,
  volume = 24,
  pages = "123--140",
  annote = {
  }}

@incollection{jaynes.mebm.90,
  author = "Jaynes, E.T.",
  title = "Probability theory as logic",
  year = 1990,
  pages = "1--16",
  booktitle = "Maximum entropy and {B}ayesian methods",
  editor = "{Foug\`ere, P.F.}",
  publisher = "Kluwer",
  address = "Dordrecht",
  url = "http://bayes.wustl.edu/etj/articles/prob.as.logic.pdf",
  note = "Proceedings of the 9th International Workshop, Dartmouth",
  annote = {
  }}

@inproceedings{muslea.aaai.00,
  author = "Muslea, I. and Minton, S. and Knoblock, C.A.",
  title = "Selective sampling with redundant views",
  booktitle = "{Proceedings of the Seventeeth National Conference
    on Artificial Intelligence}",
  year = 2000,
  pages = "621--626",
  publisher = "AAAI Press",
  address = "Menlo Park, CA",
  annote = {
  }}

@book{sahai.00,
  author = "Sahai, H. and Ageel, M.I.",
  title = "The analysis of variance: Fixed, random, and mixed models",
  year = 2000,
  publisher = {Birkh\"auser},
  address = "Boston, MA",
  call = "QA 279 .S22 2000",
  annote = {
  }}

@techreport{pfleger.tr.97,
  author = "Pfleger, K.",
  title = "Learning of compositional mierarchies for the modeling of
    context effects",
  year = 1997,
  type = "Technical Report",
  number = "KSL-98-04",
  institution = "Knowledge Systems Laboratory, Computer Science Department,
    Stanford University",
  address = "Stanford, CA",
  annote = {
  }}

@phdthesis{shamos.phd.78,
  author = "Shamos, M.I.",
  title = "Computational Geometry",
  school = "Yale University",
  address = "New Haven, CT",
  year = 1978,
  annote = {
    Clear introduction to computational geometry and, in particular,
    Voronoi diagrams and Delaunay Triangulations.
  }}

