@article{fabian2014privacy,
  title={Privacy-preserving data infrastructure for smart home appliances based on the Octopus DHT},
  author={Fabian, Benjamin and Feldhaus, Tobias},
  journal={Computers in Industry},
  volume={65},
  number={8},
  pages={1147--1160},
  year={2014},
  publisher={Elsevier}
}

@article{paganelli2012dht,
	title={A DHT-based discovery service for the Internet of Things},
	author={Paganelli, Federica and Parlanti, David},
	journal={Journal of Computer Networks and Communications},
	volume={2012},
	year={2012},
	publisher={Hindawi}
}

@inproceedings{chaabane2010digging,
	title={Digging into anonymous traffic: A deep analysis of the tor anonymizing network},
	author={Chaabane, Abdelberi and Manils, Pere and Kaafar, Mohamed Ali},
	booktitle={2010 fourth international conference on network and system security},
	pages={167--174},
	year={2010},
	organization={IEEE}
}

@misc{torproject, 
 	title={The Tor Project: Privacy Freedom Online}, url={https://www.torproject.org/about/history/}, 
 	journal={Tor Project}
} 

@misc{snowflake, 
	title={keroserene/snowflake: WebRTC Pluggable Transport}, url={https://github.com/keroserene/snowflake}, 
	journal={Github}
}


@inproceedings{hiller2019tailoring,
	title={Tailoring onion routing to the Internet of Things: Security and privacy in untrusted environments},
	author={Hiller, Jens and Pennekamp, Jan and Dahlmanns, Markus and Henze, Martin and Panchenko, Andriy and Wehrle, Klaus},
	booktitle={2019 IEEE 27th International Conference on Network Protocols (ICNP)},
	pages={1--12},
	year={2019},
	organization={IEEE}
}

@inproceedings{malina2019privacy,
	title={A Privacy-Enhancing Framework for Internet of Things Services},
	author={Malina, Lukas and Srivastava, Gautam and Dzurenda, Petr and Hajny, Jan and Ricci, Sara},
	booktitle={International Conference on Network and System Security},
	pages={77--97},
	year={2019},
	organization={Springer}
}

@inproceedings{baumann2018utilising,
	title={Utilising the Tor Network for IoT Addressing and Connectivity.},
	author={Baumann, Felix W and Odefey, Ulrich and Hudert, Sebastian and Falkenthal, Michael and Breitenb{\"u}cher, Uwe},
	booktitle={CLOSER},
	pages={27--34},
	year={2018}
}


@inproceedings{sharifara2014general,
	title={A general review of human face detection including a study of neural networks and Haar feature-based cascade classifier in face detection},
	author={Sharifara, Ali and Rahim, Mohd Shafry Mohd and Anisi, Yasaman},
	booktitle={2014 International Symposium on Biometrics and Security Technologies (ISBAST)},
	pages={73--78},
	year={2014},
	organization={IEEE}
}

@inproceedings{wang2012octopus,
	title={Octopus: A secure and anonymous DHT lookup},
	author={Wang, Qiyan and Borisov, Nikita},
	booktitle={2012 IEEE 32nd International Conference on Distributed Computing Systems},
	pages={325--334},
	year={2012},
	organization={IEEE}
}

@inproceedings{hoang2015tor,
	title={A TOR-based anonymous communication approach to secure smart home appliances},
	author={Hoang, Nguyen Phong and Pishva, Davar},
	booktitle={2015 17th International Conference on Advanced Communication Technology (ICACT)},
	pages={517--525},
	year={2015},
	organization={IEEE}
}

@article{song2017privacy,
	title={A privacy preserving communication protocol for IoT applications in smart homes},
	author={Song, Tianyi and Li, Ruinian and Mei, Bo and Yu, Jiguo and Xing, Xiaoshuang and Cheng, Xiuzhen},
	journal={IEEE Internet of Things Journal},
	volume={4},
	number={6},
	pages={1844--1852},
	year={2017},
	publisher={IEEE}
}

@inproceedings{juarez2016toward,
	title={Toward an efficient website fingerprinting defense},
	author={Juarez, Marc and Imani, Mohsen and Perry, Mike and Diaz, Claudia and Wright, Matthew},
	booktitle={European Symposium on Research in Computer Security},
	pages={27--46},
	year={2016},
	organization={Springer}
}

@inproceedings{kollmann2017cost,
	title={The Cost of Push Notifications for Smartphones using Tor Hidden Services},
	author={Kollmann, Stephan A and Beresford, Alastair R},
	booktitle={2017 IEEE European Symposium on Security and Privacy Workshops (EuroS\&PW)},
	pages={76--85},
	year={2017},
	organization={IEEE}
}

@inproceedings{antonakakis2017understanding,
	title={Understanding the mirai botnet},
	author={Antonakakis, Manos and April, Tim and Bailey, Michael and Bernhard, Matt and Bursztein, Elie and Cochran, Jaime and Durumeric, Zakir and Halderman, J Alex and Invernizzi, Luca and Kallitsis, Michalis and others},
	booktitle={26th $\{$USENIX$\}$ security symposium ($\{$USENIX$\}$ Security 17)},
	pages={1093--1110},
	year={2017}
}

@inproceedings{acar2016sok,
	title={Sok: Lessons learned from android security research for appified software platforms},
	author={Acar, Yasemin and Backes, Michael and Bugiel, Sven and Fahl, Sascha and McDaniel, Patrick and Smith, Matthew},
	booktitle={2016 IEEE Symposium on Security and Privacy (SP)},
	pages={433--451},
	year={2016},
	organization={IEEE}
}

@inproceedings{alrawi2019sok,
	title={Sok: Security evaluation of home-based iot deployments},
	author={Alrawi, Omar and Lever, Chaz and Antonakakis, Manos and Monrose, Fabian},
	booktitle={2019 IEEE symposium on security and privacy (sp)},
	pages={1362--1380},
	year={2019},
	organization={IEEE}
}

@article{apthorpe2017smart,
	title={A smart home is no castle: Privacy vulnerabilities of encrypted iot traffic},
	author={Apthorpe, Noah and Reisman, Dillon and Feamster, Nick},
	journal={arXiv preprint arXiv:1705.06805},
	year={2017}
}

@techreport{dingledine2004tor,
	title={Tor: The second-generation onion router},
	author={Dingledine, Roger and Mathewson, Nick and Syverson, Paul},
	year={2004},
	institution={Naval Research Lab Washington DC}
}

@article{hilt2019internet,
	title={The internet of things in the cybercrime underground},
	author={Hilt, Stephen and Kropotov, Vladimir and Merc{\^e}s, Fernando and Rosario, Mayra and Sancho, David},
	journal={Trend Micro Research},
	year={2019}
}

@article{shumailov2019hearing,
	title={Hearing your touch: A new acoustic side channel on smartphones},
	author={Shumailov, Ilia and Simon, Laurent and Yan, Jeff and Anderson, Ross},
	journal={arXiv preprint arXiv:1903.11137},
	year={2019}
}

@inproceedings{shahbar2015traffic,
	title={Traffic flow analysis of tor pluggable transports},
	author={Shahbar, Khalid and Zincir-Heywood, A Nur},
	booktitle={2015 11th International Conference on Network and Service Management (CNSM)},
	pages={178--181},
	year={2015},
	organization={IEEE}
}

@article{matherly2015complete,
	title={Complete guide to Shodan},
	author={Matherly, John},
	journal={Shodan, LLC (2016-02-25)},
	volume={1},
	year={2015}
}

@inproceedings{winter2018tor,
	title={How do Tor users interact with onion services?},
	author={Winter, Philipp and Edmundson, Anne and Roberts, Laura M and Dutkowska-{\.Z}uk, Agnieszka and Chetty, Marshini and Feamster, Nick},
	booktitle={27th $\{$USENIX$\}$ Security Symposium ($\{$USENIX$\}$ Security 18)},
	pages={411--428},
	year={2018}
}

@inproceedings{chaabane2010digging,
	title={Digging into anonymous traffic: A deep analysis of the tor anonymizing network},
	author={Chaabane, Abdelberi and Manils, Pere and Kaafar, Mohamed Ali},
	booktitle={2010 fourth international conference on network and system security},
	pages={167--174},
	year={2010},
	organization={IEEE}
}